<record><leader>00000cas a2200000 a 4500</leader><controlfield tag="001">12084926</controlfield><controlfield tag="008">850528d18711873miuwr ne      0    0eng d</controlfield><datafield ind1=" " ind2=" " tag="010"><subfield code="a">sn 85033596 </subfield></datafield><datafield ind1=" " ind2=" " tag="040"><subfield code="a">NPU</subfield><subfield code="b">eng</subfield><subfield code="c">NPU</subfield><subfield code="d">NPY</subfield><subfield code="d">MHN</subfield><subfield code="d">OCL</subfield><subfield code="d">OCLCQ</subfield><subfield code="d">OCLCF</subfield><subfield code="d">OCLCO</subfield></datafield><datafield ind1=" " ind2=" " tag="042"><subfield code="a">msc</subfield></datafield><datafield ind1=" " ind2=" " tag="043"><subfield code="a">n-us-mi</subfield></datafield><datafield ind1="0" ind2=" " tag="130"><subfield code="a">Democratic leader (Charlotte, Mich.)</subfield></datafield><datafield ind1="1" ind2="4" tag="245"><subfield code="a">The Democratic leader.</subfield></datafield><datafield ind1=" " ind2=" " tag="260"><subfield code="a">Charlotte, Mich. :</subfield><subfield code="b">J.V. Johnson,</subfield><subfield code="c">1871-</subfield></datafield><datafield ind1=" " ind2=" " tag="300"><subfield code="a">v. ;</subfield><subfield code="c">58-66 cm.</subfield></datafield><datafield ind1=" " ind2=" " tag="310"><subfield code="a">Weekly</subfield></datafield><datafield ind1="0" ind2=" " tag="362"><subfield code="a">Vol. 1, no. 1 (Feb. 3, 1871)-</subfield></datafield><datafield ind1="1" ind2=" " tag="362"><subfield code="a">Ceased in 1873?</subfield><subfield code="z">Cf. Gregory, W. Amer. newspapers.</subfield></datafield><datafield ind1=" " ind2=" " tag="500"><subfield code="a">Publisher varies.</subfield></datafield><datafield ind1=" " ind2=" " tag="500"><subfield code="a">Published on Friday.</subfield></datafield><datafield ind1=" " ind2=" " tag="500"><subfield code="a">Editor: J.V. Johnson, 1871-&lt;1873&gt;.</subfield></datafield><datafield ind1=" " ind2=" " tag="580"><subfield code="a">" ... Democratic leader in place of Charlotte argus, lately deceased."</subfield></datafield><datafield ind1=" " ind2="0" tag="651"><subfield code="a">Charlotte (Mich.)</subfield><subfield code="v">Newspapers.</subfield></datafield><datafield ind1=" " ind2="0" tag="651"><subfield code="a">Eaton County (Mich.)</subfield><subfield code="v">Newspapers.</subfield></datafield><datafield ind1=" " ind2="7" tag="655"><subfield code="a">Newspapers.</subfield><subfield code="2">fast</subfield><subfield code="0">(OCoLC)fst01423814</subfield></datafield><datafield ind1=" " ind2="7" tag="651"><subfield code="a">Michigan</subfield><subfield code="z">Charlotte.</subfield><subfield code="2">fast</subfield><subfield code="0">(OCoLC)fst01209730</subfield></datafield><datafield ind1=" " ind2="7" tag="651"><subfield code="a">Michigan</subfield><subfield code="z">Eaton County.</subfield><subfield code="2">fast</subfield><subfield code="0">(OCoLC)fst01214755</subfield></datafield><datafield ind1="1" ind2=" " tag="700"><subfield code="a">Johnson, J. V.</subfield></datafield><datafield ind1=" " ind2=" " tag="752"><subfield code="a">United States</subfield><subfield code="b">Michigan</subfield><subfield code="c">Eaton</subfield><subfield code="d">Charlotte.</subfield></datafield><datafield ind1="0" ind2="0" tag="780"><subfield code="t">Charlotte argus</subfield><subfield code="w">(DLC)sn 85038656</subfield><subfield code="w">(OCoLC)12881510</subfield></datafield><datafield ind1="0" ind2="0" tag="785"><subfield code="t">Leader (Charlotte, Mich.)</subfield><subfield code="w">(DLC)sn 96076746</subfield><subfield code="w">(OCoLC)34990363</subfield></datafield></record>